@article{perceptron,
author = "Xuezhou Zhang and Hrag Gorune Ohannessian and Ayon Sen and Scott Alfeld and Xiaojin Zhu",
title = "Optimal Teaching for Online Perceptrons",
journal = "NIPS",
year = "2016"
}

